@article{pray2008discovery,
  title={Discovery of DNA structure and function: Watson and Crick},
  author={Pray, Leslie},
  journal={Nature Education},
  volume={1},
  number={1},
  pages={100},
  year={2008}
}